<?xml version="1.0" encoding="UTF-8"?><collection xmlns="http://www.loc.gov/MARC21/slim"><record><leader>00475nam--2200169-i-4500</leader><controlfield tag="001">000009736</controlfield><controlfield tag="002">20161230</controlfield><controlfield tag="005">20170208130935</controlfield><controlfield tag="008">060222s1000------------r-----000-0-eng-d</controlfield><datafield ind1=" " ind2=" " tag="100"><subfield code="a">Alloush, A. A</subfield></datafield><datafield ind1=" " ind2=" " tag="245"><subfield code="a">Characteristics of the collimator constructed for the inchass whole body monitor</subfield></datafield><datafield ind1=" " ind2=" " tag="260"><subfield code="a">Cairo,</subfield><subfield code="b">Atomic Energy Establishment</subfield><subfield code="c">1969</subfield></datafield><datafield ind1=" " ind2=" " tag="300"><subfield code="a">19 p</subfield></datafield><datafield ind1=" " ind2=" " tag="490"><subfield code="a">U.A.E.A.E.E</subfield><subfield code="v">82</subfield></datafield><datafield ind1=" " ind2=" " tag="700"><subfield code="a">Morsy, S. M</subfield></datafield><datafield ind1=" " ind2=" " tag="852"><subfield code="a">35L82</subfield></datafield><datafield ind1=" " ind2=" " tag="CAT"><subfield code="a">SYS</subfield><subfield code="c">20170208</subfield><subfield code="h">130935</subfield></datafield></record></collection>